% BibTeX database for the paper asme2e.tex

@unpublished{jh_paper,
     author = "John Holland",
     title = "{Computer programs that "evolve" in ways that resemble natural selection can solve complex problems even their creators do not fully understand}",
     note = "See
also URL \verb+http://www.abc.edu+",
     year = 1992}

@article{rWheel_paper,
author = {Pencheva, Tania and Atanassov, K. and Shannon, A.},
year = {2009},
month = {12},
pages = {},
title = {Modelling of a Roulette Wheel Selection Operator in Genetic Algorithms Using Generalized Nets},
volume = {13},
journal = {International Journal Bioautomation}
}

@article{non_binary_paper,
author = {Mirshekarian, Sadegh and Süer, Gürsel},
year = {2018},
month = {10},
pages = {},
title = {Experimental study of seeding in genetic algorithms with non-binary genetic representation},
volume = {29},
journal = {Journal of Intelligent Manufacturing},
doi = {10.1007/s10845-016-1204-3}
}

@article{hCross_paper,
author = {A.J Umbarkar, P.D Sheth},
year = {2015},
month = {10},
pages = {},
title = {Crossover operators in genetic algorithms: a review},
volume = {29},
journal = {ICTACT Journal on soft computing, },
doi = {10.21917/ijsc.2015.0150}
}

@article{ratheil_stocking_paper,
author = {Vinasétan Ratheil Houndji and Pierre Schaus, Laurence Wolsey and Yves Deville},
year = {2014},
pages = {382–397},
title = {The stockingcost constraint},
journal = {International conference on principles and practice of constraint programming}
}

@misc{ceschia_opthub,
  author = {Sara Ceschia},
  year = {2017},
  title = {Bibliothèque d’instances PSP},
  note = {opthub.uniud.it},
  url = {http://opthub.uniud.it}
}

@article{wolsey_mip_paper,
	author = {Yves Pochet, Laurence A Wolsey},
	year = {2006},
	pages = {},
	title = {Production planning by mixed integer programming},
	journal = {Springer Science and Business Media}
}

@article{gent_walsh_paper,
	author = {I. P. Gent and T. Walsh},
	year = {1999},
	pages = {480–481},
	title = {Csplib : a benchmark library fr constraints},
	journal = {Springer}
}

@article{mendes_paper,
	author = {J. F. Gonçalves, J. J. de Magalhaes Mendes and Mauricio G. C. Resende},
	year = {2005},
	pages = {77–95},
	title = { A hybrid genetic algorithm for the job shop scheduling problem},
	journal = {European journal of operational research}
}

@article{miller_paper,
	author = {Andrew J Miller and Laurence A Wolsey},
	year = {2003},
	pages = {557–565},
	title = { Tight mip formulation for multi-item discrete lot-sizing problems},
	journal = {Operations Research}
}

@article{gicquel_paper,
	author = {Céline Gicquel, Michel Minoux and Yves Dallery},
	year = {2009},
	pages = {32–36},
	title = {On the discrete lot-sizing and scheduling problem with sequence-dependent changeover times},
	journal = {Operations Research Letters}
}

@article{gicquel2_paper,
	author = {Céline Gicquel, Nicolas Miègeville, Michel Minoux and Yves Dallery},
	year = {2009},
	pages = {2690–2698},
	title = {Discrete lot sizing and scheduling using product decomposition into attributes},
	journal = {Computers and Operations Research}
}

@article{wolsey2_paper,
	author = {Laurence A Wolsey},
	year = {2002},
	pages = {1587–1602},
	title = {Solving multi-item lot-sizing problems with an mip solver using classification and reformulation},
	volume = {48(12)},
	journal = {Management Science}
}

@article{ceschia_sa_paper,
	author = {S. Ceschia, L. Di Gaspero and A. Schaerf},
	year = {2016},
	pages = {},
	title = { Solving discrete lot-sizing and scheduling by
simulated annealing},
	volume = {},
	journal = {}
}

@unpublished{houndji_paper,
	author = {V. R. Houndji},
	year = {2013},
	pages = {},
	title = { Deux problèmes de planification de production : Formulations et résolution
par programmation en nombres entiers et par programmation par contraintes},
	volume = {},
	journal = {}
}

@article{john_h_paper,
	author = {John Henry Holland},
	year = {1992},
	pages = {},
	title = { Adaptation in natural and artificial systems : an introductory analysis with
applications to biology, control, and artificial intelligence},
	volume = {},
	journal = {MIT press}
}